@BOOK{modernrc,
	author = {{\Russian Пикаев, А. К.}},
	title = {Современная радиационная химия. Радиолиз жидкостей и газов},
	address = {М.},
	publisher = {Наука},
	year = 1986,
	numpages = 440,
	language={russian}
}

@article{Ausloos198497,
title = "Radiation-induced ionization and excitation in liquid p-dioxane",
journal = "Radiation Physics and Chemistry (1977)",
volume = "23",
number = "1–2",
pages = "97 - 104",
year = "1984",
issn = "0146-5724",
doi = "10.1016/0146-5724(84)90098-0",
url = "http://www.sciencedirect.com/science/article/pii/0146572484900980",
author = "P. Ausloos and C. Lutz and F. Schwartz and S.G. Lias"
}

@article {feldman,
   author = {Feldman, V. I. and Sukhov, F. F. and Orlov, A. Yu. and Shmakova, N. A.},
   title = {Radiation Chemistry of Organic Molecules in Solid Rare Gas Matrices: 2. Selective Deprotonation of the Primary Radical Cations upon Irradiation of Oxygen-Containing Molecules in Xenon Matrices},
   journal = {High Energy Chemistry},
   publisher = {MAIK Nauka/Interperiodica distributed exclusively by Springer Science+Business Media LLC.},
   issn = {0018-1439},
   keyword = {Chemistry and Materials Science},
   pages = {319-327},
   volume = {35},
   issue = {5},
   url = {http://dx.doi.org/10.1023/A:1011978921902},
   note = {10.1023/A:1011978921902},
   year = {2001}
}

@PHDTHESIS{BorovkovDissertaion,
author = "Боровков, В. И.",
title = "Развитие метода кинетической радиофлуориметрии для исследования ион-радикалов и их реакций в облученных неполярных растворах",
type = "Дис\ldots\ д. ф.-м. наук: 01.04.17",
address = "Новосибирск",
year = 2008,
numpages = 339,
language = "russian"
}

@Article{SpectroscopicCapabilities,
author ="Bagryansky, Victor A. and Borovkov, Vsevolod I. and Molin, Yuri N.",
title  ="Spectroscopic capabilities of the time-resolved magnetic field effect technique as illustrated in the study of hexamethylethane radical cation in liquid hexane",
journal  ="Phys. Chem. Chem. Phys.",
year  ="2004",
volume  ="6",
issue  ="5",
pages  ="924-928",
publisher  ="The Royal Society of Chemistry",
doi  ="10.1039/B311315A",
url  ="http://dx.doi.org/10.1039/B311315A",
}

@Article{IonProc,
author ={{\Russian Белевский, В. Н.}},
title  ="Ионные процессы в радиационной химии кислородосодержащих соединений в конденсированной фазе",
journal  ="Вестн. моск. ун-та. Сер. 2. Химия.",
year  ="2001",
volume  ="42",
issue  ="3",
pages  ="205-219",
language="russian"
}

@article{martini,
author = {Ignacio B. Martini and Erik R. Barthel and Benjamin J. Schwartz},
collaboration = {},
title = {Mechanisms of the ultrafast production and recombination of solvated electrons in weakly polar fluids: Comparison of multiphoton ionization and detachment via the charge-transfer-to-solvent transition of Na[sup -] in THF},
publisher = {AIP},
year = {2000},
journal = {The Journal of Chemical Physics},
volume = {113},
number = {24},
pages = {11245-11257},
keywords = {sodium; negative ions; organic compounds; solvated electrons; photoionisation; electron detachment; multiphoton processes},
url = {http://link.aip.org/link/?JCP/113/11245/1},
doi = {10.1063/1.1328071}
}

@article{Baxendale19693,
title = "Fluorescence in the nanosecond pulse radiolysis of dioxan",
journal = "Chemical Physics Letters",
volume = "4",
number = "1",
pages = "3 - 4",
year = "1969",
note = "",
issn = "0009-2614",
doi = "10.1016/0009-2614(69)85017-7",
url = "http://www.sciencedirect.com/science/article/pii/0009261469850177",
author = "J.H. Baxendale and D. Beaumond and M.A.J. Rodgers"
}

@article{doi:10.1021/jp809413x,
author = {Sreearunothai, Paiboon and Asaoka, Sadayuki and Cook, Andrew R. and Miller, John R.},
title = {Length and Time-Dependent Rates in Diffusion-Controlled Reactions with Conjugated Polymers},
journal = {The Journal of Physical Chemistry A},
volume = {113},
number = {12},
pages = {2786-2795},
year = {2009},
doi = {10.1021/jp809413x},

URL = {http://pubs.acs.org/doi/abs/10.1021/jp809413x},
eprint = {http://pubs.acs.org/doi/pdf/10.1021/jp809413x}
}

@article {springerlink:10.1023/A:1011978921902,
   author = {Feldman, V. I. and Sukhov, F. F. and Orlov, A. Yu. and Shmakova, N. A.},
   title = {Radiation Chemistry of Organic Molecules in Solid Rare Gas Matrices: 2. Selective Deprotonation of the Primary Radical Cations upon Irradiation of Oxygen-Containing Molecules in Xenon Matrices},
   journal = {High Energy Chemistry},
   publisher = {MAIK Nauka/Interperiodica distributed exclusively by Springer Science+Business Media LLC.},
   issn = {0018-1439},
   keyword = {Chemistry and Materials Science},
   pages = {319-327},
   volume = {35},
   issue = {5},
   url = {http://dx.doi.org/10.1023/A:1011978921902},
   note = {10.1023/A:1011978921902},
   year = {2001}
}

@article{doi:10.1021/ja062596h,
author = {Takeda, Norihiko and Asaoka, Sadayuki and Miller, John R.},
title = {Nature and Energies of Electrons and Holes in a Conjugated Polymer, Polyfluorene},
journal = {Journal of the American Chemical Society},
volume = {128},
number = {50},
pages = {16073-16082},
year = {2006},
doi = {10.1021/ja062596h},

URL = {http://pubs.acs.org/doi/abs/10.1021/ja062596h},
eprint = {http://pubs.acs.org/doi/pdf/10.1021/ja062596h}
}

@article{bagryansky:224503,
author = {V. A. Bagryansky and K. L. Ivanov and V. I. Borovkov and N. N. Lukzen and Yu. N. Molin},
collaboration = {},
title = {Spin evolution of radical pair with radical containing two groups of equivalent magnetic nuclei},
publisher = {AIP},
year = {2005},
journal = {The Journal of Chemical Physics},
volume = {122},
number = {22},
eid = {224503},
numpages = {12},
pages = {224503},
keywords = {organic compounds; free radicals; paramagnetic resonance; fluorescence; magnetic field effects; positive ions; negative ions},
url = {http://link.aip.org/link/?JCP/122/224503/1},
doi = {10.1063/1.1901661}
}

@article{schulten:3292,
author = {Klaus Schulten and Peter G. Wolynes},
collaboration = {},
title = {Semiclassical description of electron spin motion in radicals including the effect of electron hopping},
publisher = {AIP},
year = {1978},
journal = {The Journal of Chemical Physics},
volume = {68},
number = {7},
pages = {3292-3297},
url = {http://link.aip.org/link/?JCP/68/3292/1},
doi = {10.1063/1.436135}
}

  	
@article{0036-021X-76-6-R02,
  author={Victor A Bagryansky and Vsevolod I Borovkov and Yuri N Molin},
  title={Quantum beats in radical pairs},
  journal={Russian Chemical Reviews},
  volume={76},
  number={6},
  pages={493},
  url={http://stacks.iop.org/0036-021X/76/i=6/a=R02},
  year={2007},
  abstract={Possible fields of application of the phenomenon of quantum beats in spin-correlated radical pairs in studies of the properties of short-lived radicals (lifetimes of up to a few nanoseconds) in liquid solutions are considered. The theoretical approaches to the description of this phenomenon and modern experimental data are analysed.}
}

@article {springerlink:10.1134/S0012501607080076,
   author = {Potashov, P. and Borovkov, V. and Shchegoleva, L. and Bagryansky, V. and Molin, Yu.},
   affiliation = {Institute of Chemical Kinetics and Combustion, Siberian Branch, Russian Academy of Sciences, Institutskaya ul. 3, Novosibirsk, 630090 Russia},
   title = {Detection of branched alkane radical cations in solutions by the method of the time-resolved magnetic field effect},
   journal = {Doklady Physical Chemistry},
   publisher = {MAIK Nauka/Interperiodica distributed exclusively by Springer Science+Business Media LLC.},
   issn = {0012-5016},
   keyword = {Chemistry and Materials Science},
   pages = {228-231},
   volume = {415},
   issue = {2},
   url = {http://dx.doi.org/10.1134/S0012501607080076},
   note = {10.1134/S0012501607080076},
   year = {2007}
}
	
@article{knapp:1878,
author = {Ernst-Walter Knapp and Klaus Schulten},
collaboration = {},
title = {Magnetic field effect on the hyperfine-induced electron spin motion in radicals undergoing diamagnetic--paramagnetic exchange},
publisher = {AIP},
year = {1979},
journal = {The Journal of Chemical Physics},
volume = {71},
number = {4},
pages = {1878-1883},
keywords = {MAGNETIC FIELDS; SPIN; RADICALS; ION PAIRS; RECOMBINATION; CHEMICAL REACTIONS; EXCHANGE INTERACTIONS},
url = {http://link.aip.org/link/?JCP/71/1878/1},
doi = {10.1063/1.438541}
}

@MISC{gamess,
title = {GAMESS, computational chemistry software program},
url={http://www.msg.chem.iastate.edu/gamess/}
}